%YAML 1.1
%TAG !u! tag:unity3d.com,2011:
--- !u!1 &3420710584327930202
GameObject:
  m_ObjectHideFlags: 0
  m_CorrespondingSourceObject: {fileID: 0}
  m_PrefabInstance: {fileID: 0}
  m_PrefabAsset: {fileID: 0}
  serializedVersion: 6
  m_Component:
  - component: {fileID: 3420710584327930203}
  - component: {fileID: 2086367948}
  m_Layer: 0
  m_Name: Room01
  m_TagString: Untagged
  m_Icon: {fileID: 0}
  m_NavMeshLayer: 0
  m_StaticEditorFlags: 0
  m_IsActive: 1
--- !u!4 &3420710584327930203
Transform:
  m_ObjectHideFlags: 0
  m_CorrespondingSourceObject: {fileID: 0}
  m_PrefabInstance: {fileID: 0}
  m_PrefabAsset: {fileID: 0}
  m_GameObject: {fileID: 3420710584327930202}
  m_LocalRotation: {x: 0, y: 0, z: 0, w: 1}
  m_LocalPosition: {x: 0, y: 0, z: 0}
  m_LocalScale: {x: 1, y: 1, z: 1}
  m_Children:
  - {fileID: 2780295137500104357}
  - {fileID: 2780295135930046506}
  - {fileID: 2780295137399650338}
  - {fileID: 2780295137459431551}
  - {fileID: 2780295137805400148}
  m_Father: {fileID: 0}
  m_RootOrder: 0
  m_LocalEulerAnglesHint: {x: 0, y: 0, z: 0}
--- !u!114 &2086367948
MonoBehaviour:
  m_ObjectHideFlags: 0
  m_CorrespondingSourceObject: {fileID: 0}
  m_PrefabInstance: {fileID: 0}
  m_PrefabAsset: {fileID: 0}
  m_GameObject: {fileID: 3420710584327930202}
  m_Enabled: 1
  m_EditorHideFlags: 0
  m_Script: {fileID: 11500000, guid: 7425a57e3e69e4e49a3e4af3402bab19, type: 3}
  m_Name: 
  m_EditorClassIdentifier: 
--- !u!1001 &3420710584498097160
PrefabInstance:
  m_ObjectHideFlags: 0
  serializedVersion: 2
  m_Modification:
    m_TransformParent: {fileID: 3420710584327930203}
    m_Modifications:
    - target: {fileID: 1476289781003364421, guid: c2b6d3bcbb38cf047b2761a53d1a2cd1,
        type: 3}
      propertyPath: m_Name
      value: FloorPrefab (4)
      objectReference: {fileID: 0}
    - target: {fileID: 715326413914207324, guid: c2b6d3bcbb38cf047b2761a53d1a2cd1,
        type: 3}
      propertyPath: m_LocalPosition.x
      value: -1
      objectReference: {fileID: 0}
    - target: {fileID: 715326413914207324, guid: c2b6d3bcbb38cf047b2761a53d1a2cd1,
        type: 3}
      propertyPath: m_LocalPosition.y
      value: 0
      objectReference: {fileID: 0}
    - target: {fileID: 715326413914207324, guid: c2b6d3bcbb38cf047b2761a53d1a2cd1,
        type: 3}
      propertyPath: m_LocalPosition.z
      value: -1
      objectReference: {fileID: 0}
    - target: {fileID: 715326413914207324, guid: c2b6d3bcbb38cf047b2761a53d1a2cd1,
        type: 3}
      propertyPath: m_LocalRotation.x
      value: -0
      objectReference: {fileID: 0}
    - target: {fileID: 715326413914207324, guid: c2b6d3bcbb38cf047b2761a53d1a2cd1,
        type: 3}
      propertyPath: m_LocalRotation.y
      value: -0
      objectReference: {fileID: 0}
    - target: {fileID: 715326413914207324, guid: c2b6d3bcbb38cf047b2761a53d1a2cd1,
        type: 3}
      propertyPath: m_LocalRotation.z
      value: -0
      objectReference: {fileID: 0}
    - target: {fileID: 715326413914207324, guid: c2b6d3bcbb38cf047b2761a53d1a2cd1,
        type: 3}
      propertyPath: m_LocalRotation.w
      value: 1
      objectReference: {fileID: 0}
    - target: {fileID: 715326413914207324, guid: c2b6d3bcbb38cf047b2761a53d1a2cd1,
        type: 3}
      propertyPath: m_RootOrder
      value: 4
      objectReference: {fileID: 0}
    - target: {fileID: 715326413914207324, guid: c2b6d3bcbb38cf047b2761a53d1a2cd1,
        type: 3}
      propertyPath: m_LocalEulerAnglesHint.x
      value: 0
      objectReference: {fileID: 0}
    - target: {fileID: 715326413914207324, guid: c2b6d3bcbb38cf047b2761a53d1a2cd1,
        type: 3}
      propertyPath: m_LocalEulerAnglesHint.y
      value: 0
      objectReference: {fileID: 0}
    - target: {fileID: 715326413914207324, guid: c2b6d3bcbb38cf047b2761a53d1a2cd1,
        type: 3}
      propertyPath: m_LocalEulerAnglesHint.z
      value: 0
      objectReference: {fileID: 0}
    - target: {fileID: 715326413914207324, guid: c2b6d3bcbb38cf047b2761a53d1a2cd1,
        type: 3}
      propertyPath: m_LocalScale.x
      value: 0.099999994
      objectReference: {fileID: 0}
    - target: {fileID: 715326413914207324, guid: c2b6d3bcbb38cf047b2761a53d1a2cd1,
        type: 3}
      propertyPath: m_LocalScale.y
      value: 0.099999994
      objectReference: {fileID: 0}
    - target: {fileID: 715326413914207324, guid: c2b6d3bcbb38cf047b2761a53d1a2cd1,
        type: 3}
      propertyPath: m_LocalScale.z
      value: 0.099999994
      objectReference: {fileID: 0}
    m_RemovedComponents: []
  m_SourcePrefab: {fileID: 100100000, guid: c2b6d3bcbb38cf047b2761a53d1a2cd1, type: 3}
--- !u!4 &2780295137805400148 stripped
Transform:
  m_CorrespondingSourceObject: {fileID: 715326413914207324, guid: c2b6d3bcbb38cf047b2761a53d1a2cd1,
    type: 3}
  m_PrefabInstance: {fileID: 3420710584498097160}
  m_PrefabAsset: {fileID: 0}
--- !u!1001 &3420710584805487353
PrefabInstance:
  m_ObjectHideFlags: 0
  serializedVersion: 2
  m_Modification:
    m_TransformParent: {fileID: 3420710584327930203}
    m_Modifications:
    - target: {fileID: 1476289781003364421, guid: c2b6d3bcbb38cf047b2761a53d1a2cd1,
        type: 3}
      propertyPath: m_Name
      value: FloorPrefab
      objectReference: {fileID: 0}
    - target: {fileID: 715326413914207324, guid: c2b6d3bcbb38cf047b2761a53d1a2cd1,
        type: 3}
      propertyPath: m_LocalPosition.x
      value: 0
      objectReference: {fileID: 0}
    - target: {fileID: 715326413914207324, guid: c2b6d3bcbb38cf047b2761a53d1a2cd1,
        type: 3}
      propertyPath: m_LocalPosition.y
      value: 0
      objectReference: {fileID: 0}
    - target: {fileID: 715326413914207324, guid: c2b6d3bcbb38cf047b2761a53d1a2cd1,
        type: 3}
      propertyPath: m_LocalPosition.z
      value: 0
      objectReference: {fileID: 0}
    - target: {fileID: 715326413914207324, guid: c2b6d3bcbb38cf047b2761a53d1a2cd1,
        type: 3}
      propertyPath: m_LocalRotation.x
      value: 0
      objectReference: {fileID: 0}
    - target: {fileID: 715326413914207324, guid: c2b6d3bcbb38cf047b2761a53d1a2cd1,
        type: 3}
      propertyPath: m_LocalRotation.y
      value: 0
      objectReference: {fileID: 0}
    - target: {fileID: 715326413914207324, guid: c2b6d3bcbb38cf047b2761a53d1a2cd1,
        type: 3}
      propertyPath: m_LocalRotation.z
      value: 0
      objectReference: {fileID: 0}
    - target: {fileID: 715326413914207324, guid: c2b6d3bcbb38cf047b2761a53d1a2cd1,
        type: 3}
      propertyPath: m_LocalRotation.w
      value: 1
      objectReference: {fileID: 0}
    - target: {fileID: 715326413914207324, guid: c2b6d3bcbb38cf047b2761a53d1a2cd1,
        type: 3}
      propertyPath: m_RootOrder
      value: 0
      objectReference: {fileID: 0}
    - target: {fileID: 715326413914207324, guid: c2b6d3bcbb38cf047b2761a53d1a2cd1,
        type: 3}
      propertyPath: m_LocalEulerAnglesHint.x
      value: 0
      objectReference: {fileID: 0}
    - target: {fileID: 715326413914207324, guid: c2b6d3bcbb38cf047b2761a53d1a2cd1,
        type: 3}
      propertyPath: m_LocalEulerAnglesHint.y
      value: 0
      objectReference: {fileID: 0}
    - target: {fileID: 715326413914207324, guid: c2b6d3bcbb38cf047b2761a53d1a2cd1,
        type: 3}
      propertyPath: m_LocalEulerAnglesHint.z
      value: 0
      objectReference: {fileID: 0}
    m_RemovedComponents: []
  m_SourcePrefab: {fileID: 100100000, guid: c2b6d3bcbb38cf047b2761a53d1a2cd1, type: 3}
--- !u!4 &2780295137500104357 stripped
Transform:
  m_CorrespondingSourceObject: {fileID: 715326413914207324, guid: c2b6d3bcbb38cf047b2761a53d1a2cd1,
    type: 3}
  m_PrefabInstance: {fileID: 3420710584805487353}
  m_PrefabAsset: {fileID: 0}
--- !u!1001 &3420710584839871523
PrefabInstance:
  m_ObjectHideFlags: 0
  serializedVersion: 2
  m_Modification:
    m_TransformParent: {fileID: 3420710584327930203}
    m_Modifications:
    - target: {fileID: 1476289781003364421, guid: c2b6d3bcbb38cf047b2761a53d1a2cd1,
        type: 3}
      propertyPath: m_Name
      value: FloorPrefab (3)
      objectReference: {fileID: 0}
    - target: {fileID: 715326413914207324, guid: c2b6d3bcbb38cf047b2761a53d1a2cd1,
        type: 3}
      propertyPath: m_LocalPosition.x
      value: -1
      objectReference: {fileID: 0}
    - target: {fileID: 715326413914207324, guid: c2b6d3bcbb38cf047b2761a53d1a2cd1,
        type: 3}
      propertyPath: m_LocalPosition.y
      value: 0
      objectReference: {fileID: 0}
    - target: {fileID: 715326413914207324, guid: c2b6d3bcbb38cf047b2761a53d1a2cd1,
        type: 3}
      propertyPath: m_LocalPosition.z
      value: 0
      objectReference: {fileID: 0}
    - target: {fileID: 715326413914207324, guid: c2b6d3bcbb38cf047b2761a53d1a2cd1,
        type: 3}
      propertyPath: m_LocalRotation.x
      value: -0
      objectReference: {fileID: 0}
    - target: {fileID: 715326413914207324, guid: c2b6d3bcbb38cf047b2761a53d1a2cd1,
        type: 3}
      propertyPath: m_LocalRotation.y
      value: -0
      objectReference: {fileID: 0}
    - target: {fileID: 715326413914207324, guid: c2b6d3bcbb38cf047b2761a53d1a2cd1,
        type: 3}
      propertyPath: m_LocalRotation.z
      value: -0
      objectReference: {fileID: 0}
    - target: {fileID: 715326413914207324, guid: c2b6d3bcbb38cf047b2761a53d1a2cd1,
        type: 3}
      propertyPath: m_LocalRotation.w
      value: 1
      objectReference: {fileID: 0}
    - target: {fileID: 715326413914207324, guid: c2b6d3bcbb38cf047b2761a53d1a2cd1,
        type: 3}
      propertyPath: m_RootOrder
      value: 3
      objectReference: {fileID: 0}
    - target: {fileID: 715326413914207324, guid: c2b6d3bcbb38cf047b2761a53d1a2cd1,
        type: 3}
      propertyPath: m_LocalEulerAnglesHint.x
      value: 0
      objectReference: {fileID: 0}
    - target: {fileID: 715326413914207324, guid: c2b6d3bcbb38cf047b2761a53d1a2cd1,
        type: 3}
      propertyPath: m_LocalEulerAnglesHint.y
      value: 0
      objectReference: {fileID: 0}
    - target: {fileID: 715326413914207324, guid: c2b6d3bcbb38cf047b2761a53d1a2cd1,
        type: 3}
      propertyPath: m_LocalEulerAnglesHint.z
      value: 0
      objectReference: {fileID: 0}
    - target: {fileID: 715326413914207324, guid: c2b6d3bcbb38cf047b2761a53d1a2cd1,
        type: 3}
      propertyPath: m_LocalScale.x
      value: 0.099999994
      objectReference: {fileID: 0}
    - target: {fileID: 715326413914207324, guid: c2b6d3bcbb38cf047b2761a53d1a2cd1,
        type: 3}
      propertyPath: m_LocalScale.y
      value: 0.099999994
      objectReference: {fileID: 0}
    - target: {fileID: 715326413914207324, guid: c2b6d3bcbb38cf047b2761a53d1a2cd1,
        type: 3}
      propertyPath: m_LocalScale.z
      value: 0.099999994
      objectReference: {fileID: 0}
    m_RemovedComponents: []
  m_SourcePrefab: {fileID: 100100000, guid: c2b6d3bcbb38cf047b2761a53d1a2cd1, type: 3}
--- !u!4 &2780295137459431551 stripped
Transform:
  m_CorrespondingSourceObject: {fileID: 715326413914207324, guid: c2b6d3bcbb38cf047b2761a53d1a2cd1,
    type: 3}
  m_PrefabInstance: {fileID: 3420710584839871523}
  m_PrefabAsset: {fileID: 0}
--- !u!1001 &3420710584905944190
PrefabInstance:
  m_ObjectHideFlags: 0
  serializedVersion: 2
  m_Modification:
    m_TransformParent: {fileID: 3420710584327930203}
    m_Modifications:
    - target: {fileID: 1476289781003364421, guid: c2b6d3bcbb38cf047b2761a53d1a2cd1,
        type: 3}
      propertyPath: m_Name
      value: FloorPrefab (2)
      objectReference: {fileID: 0}
    - target: {fileID: 715326413914207324, guid: c2b6d3bcbb38cf047b2761a53d1a2cd1,
        type: 3}
      propertyPath: m_LocalPosition.x
      value: 0
      objectReference: {fileID: 0}
    - target: {fileID: 715326413914207324, guid: c2b6d3bcbb38cf047b2761a53d1a2cd1,
        type: 3}
      propertyPath: m_LocalPosition.y
      value: 0
      objectReference: {fileID: 0}
    - target: {fileID: 715326413914207324, guid: c2b6d3bcbb38cf047b2761a53d1a2cd1,
        type: 3}
      propertyPath: m_LocalPosition.z
      value: 1
      objectReference: {fileID: 0}
    - target: {fileID: 715326413914207324, guid: c2b6d3bcbb38cf047b2761a53d1a2cd1,
        type: 3}
      propertyPath: m_LocalRotation.x
      value: -0
      objectReference: {fileID: 0}
    - target: {fileID: 715326413914207324, guid: c2b6d3bcbb38cf047b2761a53d1a2cd1,
        type: 3}
      propertyPath: m_LocalRotation.y
      value: -0
      objectReference: {fileID: 0}
    - target: {fileID: 715326413914207324, guid: c2b6d3bcbb38cf047b2761a53d1a2cd1,
        type: 3}
      propertyPath: m_LocalRotation.z
      value: -0
      objectReference: {fileID: 0}
    - target: {fileID: 715326413914207324, guid: c2b6d3bcbb38cf047b2761a53d1a2cd1,
        type: 3}
      propertyPath: m_LocalRotation.w
      value: 1
      objectReference: {fileID: 0}
    - target: {fileID: 715326413914207324, guid: c2b6d3bcbb38cf047b2761a53d1a2cd1,
        type: 3}
      propertyPath: m_RootOrder
      value: 2
      objectReference: {fileID: 0}
    - target: {fileID: 715326413914207324, guid: c2b6d3bcbb38cf047b2761a53d1a2cd1,
        type: 3}
      propertyPath: m_LocalEulerAnglesHint.x
      value: 0
      objectReference: {fileID: 0}
    - target: {fileID: 715326413914207324, guid: c2b6d3bcbb38cf047b2761a53d1a2cd1,
        type: 3}
      propertyPath: m_LocalEulerAnglesHint.y
      value: 0
      objectReference: {fileID: 0}
    - target: {fileID: 715326413914207324, guid: c2b6d3bcbb38cf047b2761a53d1a2cd1,
        type: 3}
      propertyPath: m_LocalEulerAnglesHint.z
      value: 0
      objectReference: {fileID: 0}
    - target: {fileID: 715326413914207324, guid: c2b6d3bcbb38cf047b2761a53d1a2cd1,
        type: 3}
      propertyPath: m_LocalScale.x
      value: 0.099999994
      objectReference: {fileID: 0}
    - target: {fileID: 715326413914207324, guid: c2b6d3bcbb38cf047b2761a53d1a2cd1,
        type: 3}
      propertyPath: m_LocalScale.y
      value: 0.099999994
      objectReference: {fileID: 0}
    - target: {fileID: 715326413914207324, guid: c2b6d3bcbb38cf047b2761a53d1a2cd1,
        type: 3}
      propertyPath: m_LocalScale.z
      value: 0.099999994
      objectReference: {fileID: 0}
    m_RemovedComponents: []
  m_SourcePrefab: {fileID: 100100000, guid: c2b6d3bcbb38cf047b2761a53d1a2cd1, type: 3}
--- !u!4 &2780295137399650338 stripped
Transform:
  m_CorrespondingSourceObject: {fileID: 715326413914207324, guid: c2b6d3bcbb38cf047b2761a53d1a2cd1,
    type: 3}
  m_PrefabInstance: {fileID: 3420710584905944190}
  m_PrefabAsset: {fileID: 0}
--- !u!1001 &3420710585297546358
PrefabInstance:
  m_ObjectHideFlags: 0
  serializedVersion: 2
  m_Modification:
    m_TransformParent: {fileID: 3420710584327930203}
    m_Modifications:
    - target: {fileID: 1476289781003364421, guid: c2b6d3bcbb38cf047b2761a53d1a2cd1,
        type: 3}
      propertyPath: m_Name
      value: FloorPrefab (1)
      objectReference: {fileID: 0}
    - target: {fileID: 715326413914207324, guid: c2b6d3bcbb38cf047b2761a53d1a2cd1,
        type: 3}
      propertyPath: m_LocalPosition.x
      value: 0
      objectReference: {fileID: 0}
    - target: {fileID: 715326413914207324, guid: c2b6d3bcbb38cf047b2761a53d1a2cd1,
        type: 3}
      propertyPath: m_LocalPosition.y
      value: 0
      objectReference: {fileID: 0}
    - target: {fileID: 715326413914207324, guid: c2b6d3bcbb38cf047b2761a53d1a2cd1,
        type: 3}
      propertyPath: m_LocalPosition.z
      value: -1
      objectReference: {fileID: 0}
    - target: {fileID: 715326413914207324, guid: c2b6d3bcbb38cf047b2761a53d1a2cd1,
        type: 3}
      propertyPath: m_LocalRotation.x
      value: -0
      objectReference: {fileID: 0}
    - target: {fileID: 715326413914207324, guid: c2b6d3bcbb38cf047b2761a53d1a2cd1,
        type: 3}
      propertyPath: m_LocalRotation.y
      value: -0
      objectReference: {fileID: 0}
    - target: {fileID: 715326413914207324, guid: c2b6d3bcbb38cf047b2761a53d1a2cd1,
        type: 3}
      propertyPath: m_LocalRotation.z
      value: -0
      objectReference: {fileID: 0}
    - target: {fileID: 715326413914207324, guid: c2b6d3bcbb38cf047b2761a53d1a2cd1,
        type: 3}
      propertyPath: m_LocalRotation.w
      value: 1
      objectReference: {fileID: 0}
    - target: {fileID: 715326413914207324, guid: c2b6d3bcbb38cf047b2761a53d1a2cd1,
        type: 3}
      propertyPath: m_RootOrder
      value: 1
      objectReference: {fileID: 0}
    - target: {fileID: 715326413914207324, guid: c2b6d3bcbb38cf047b2761a53d1a2cd1,
        type: 3}
      propertyPath: m_LocalEulerAnglesHint.x
      value: 0
      objectReference: {fileID: 0}
    - target: {fileID: 715326413914207324, guid: c2b6d3bcbb38cf047b2761a53d1a2cd1,
        type: 3}
      propertyPath: m_LocalEulerAnglesHint.y
      value: 0
      objectReference: {fileID: 0}
    - target: {fileID: 715326413914207324, guid: c2b6d3bcbb38cf047b2761a53d1a2cd1,
        type: 3}
      propertyPath: m_LocalEulerAnglesHint.z
      value: 0
      objectReference: {fileID: 0}
    - target: {fileID: 715326413914207324, guid: c2b6d3bcbb38cf047b2761a53d1a2cd1,
        type: 3}
      propertyPath: m_LocalScale.x
      value: 0.099999994
      objectReference: {fileID: 0}
    - target: {fileID: 715326413914207324, guid: c2b6d3bcbb38cf047b2761a53d1a2cd1,
        type: 3}
      propertyPath: m_LocalScale.y
      value: 0.099999994
      objectReference: {fileID: 0}
    - target: {fileID: 715326413914207324, guid: c2b6d3bcbb38cf047b2761a53d1a2cd1,
        type: 3}
      propertyPath: m_LocalScale.z
      value: 0.099999994
      objectReference: {fileID: 0}
    m_RemovedComponents: []
  m_SourcePrefab: {fileID: 100100000, guid: c2b6d3bcbb38cf047b2761a53d1a2cd1, type: 3}
--- !u!4 &2780295135930046506 stripped
Transform:
  m_CorrespondingSourceObject: {fileID: 715326413914207324, guid: c2b6d3bcbb38cf047b2761a53d1a2cd1,
    type: 3}
  m_PrefabInstance: {fileID: 3420710585297546358}
  m_PrefabAsset: {fileID: 0}
